@InProceedings{TIEDEMANN12.463,
  author = {Jörg Tiedemann},
  title = {Parallel Data, Tools and Interfaces in OPUS},
  booktitle = {Proceedings of the Eight International Conference on Language Resources and Evaluation (LREC'12)},
  year = {2012},
  month = {may},
  date = {23-25},
  address = {Istanbul, Turkey},
  editor = {Nicoletta Calzolari (Conference Chair) and Khalid Choukri and Thierry Declerck and Mehmet Ugur Dogan and Bente Maegaard and Joseph Mariani and Jan Odijk and Stelios Piperidis},
  publisher = {European Language Resources Association (ELRA)},
  isbn = {978-2-9517408-7-7},
  language = {english}
 }
 
 @inproceedings{UN:LREC2015,
  title = {The United Nations Parallel Corpus v1.0},
  author = {Michał Ziemski and Marcin Junczys-Dowmunt and Bruno Pouliquen},
  booktitle =    {International Conference
                  on Language Resources and Evaluation (LREC)},
  year =         2015
}

@article{Belinkov:Bisk:noise,
  author    = {Yonatan Belinkov and
               Yonatan Bisk},
  title     = {Synthetic and Natural Noise Both Break Neural Machine Translation},
  journal   = {CoRR},
  volume    = {abs/1711.02173},
  year      = {2017},
  url       = {http://arxiv.org/abs/1711.02173},
  archivePrefix = {arXiv},
  eprint    = {1711.02173},
  timestamp = {Fri, 01 Dec 2017 14:22:24 +0100},
  biburl    = {http://dblp.org/rec/bib/journals/corr/abs-1711-02173},
  bibsource = {dblp computer science bibliography, http://dblp.org}
}