@Book{WMT:2018,
  title     = {Proceedings of the Third Conference on Machine Translation},
  month     = {October},
  year      = {2018},
  address   = {Belgium, Brussels},
  publisher = {Association for Computational Linguistics},
}

@InProceedings{pinnis-rikters-krilauks:2018:WMT,
  author    = {Pinnis, Mārcis  and  Rikters, Matīss  and  Krišlauks, Rihards},
  title     = {Tilde's Machine Translation Systems for WMT 2018},
  booktitle = {Proceedings of the Third Conference on Machine Translation},
  month     = {October},
  year      = {2018},
  address   = {Belgium, Brussels},
  publisher = {Association for Computational Linguistics},
}

@InProceedings{fomicheva-gonzlezrubio:2018:WMT,
  author    = {Fomicheva, Marina  and  González-Rubio, Jesús},
  title     = {MAJE Submission to the WMT2018 Shared Task on Parallel Corpus Filtering},
  booktitle = {Proceedings of the Third Conference on Machine Translation},
  month     = {October},
  year      = {2018},
  address   = {Belgium, Brussels},
  publisher = {Association for Computational Linguistics},
}

@InProceedings{tubay-costajuss:2018:WMT,
  author    = {Tubay, Brian  and  Costa-jussà, Marta R.},
  title     = {Neural Machine Translation with the Transformer and Multi-Source Romance Languages for the Biomedical WMT 2018 task},
  booktitle = {Proceedings of the Third Conference on Machine Translation},
  month     = {October},
  year      = {2018},
  address   = {Belgium, Brussels},
  publisher = {Association for Computational Linguistics},
}

@InProceedings{nikolov-EtAl:2018:WMT,
  author    = {Nikolov, Nikola  and  Hu, Yuhuang  and  Tan, Mi Xue  and  Hahnloser, Richard H.R.},
  title     = {Character-level Chinese-English Translation through ASCII Encoding},
  booktitle = {Proceedings of the Third Conference on Machine Translation},
  month     = {October},
  year      = {2018},
  address   = {Belgium, Brussels},
  publisher = {Association for Computational Linguistics},
}

@InProceedings{zhou-sperber-waibel:2018:WMT,
  author    = {Zhou, Zhong  and  Sperber, Matthias  and  Waibel, Alexander},
  title     = {Massively Parallel Cross-Lingual Learning in Low-Resource Target Language Translation},
  booktitle = {Proceedings of the Third Conference on Machine Translation},
  month     = {October},
  year      = {2018},
  address   = {Belgium, Brussels},
  publisher = {Association for Computational Linguistics},
}

@InProceedings{ash-francis-williams:2018:WMT,
  author    = {Ash, Tom  and  Francis, Remi  and  Williams, Will},
  title     = {The Speechmatics Parallel Corpus Filtering System for WMT18},
  booktitle = {Proceedings of the Third Conference on Machine Translation},
  month     = {October},
  year      = {2018},
  address   = {Belgium, Brussels},
  publisher = {Association for Computational Linguistics},
}

@InProceedings{barbu-barbumititelu:2018:WMT,
  author    = {Barbu, Eduard  and  Barbu Mititelu, Verginica},
  title     = {A hybrid pipeline of rules and machine learning to filter web-crawled parallel corpora},
  booktitle = {Proceedings of the Third Conference on Machine Translation},
  month     = {October},
  year      = {2018},
  address   = {Belgium, Brussels},
  publisher = {Association for Computational Linguistics},
}

@InProceedings{hu-han-huang:2018:WMT,
  author    = {Hu, Bojie  and  Han, Ambyer  and  Huang, Shen},
  title     = {TencentFmRD Neural Machine Translation for WMT18},
  booktitle = {Proceedings of the Third Conference on Machine Translation},
  month     = {October},
  year      = {2018},
  address   = {Belgium, Brussels},
  publisher = {Association for Computational Linguistics},
}

@InProceedings{paetzold:2018:WMT,
  author    = {Paetzold, Gustavo},
  title     = {UTFPR at WMT 2018: Minimalistic Supervised Corpora Filtering for Machine Translation},
  booktitle = {Proceedings of the Third Conference on Machine Translation},
  month     = {October},
  year      = {2018},
  address   = {Belgium, Brussels},
  publisher = {Association for Computational Linguistics},
}

@InProceedings{thompson-EtAl:2018:WMT,
  author    = {Thompson, Brian  and  Khayrallah, Huda  and  Anastasopoulos, Antonios  and  McCarthy, Arya D.  and  Duh, Kevin  and  Marvin, Rebecca  and  McNamee, Paul  and  Gwinnup, Jeremy  and  Anderson, Tim  and  Koehn, Philipp},
  title     = {Freezing Subnetworks to Analyze Domain Adaptation in Neural Machine Translation},
  booktitle = {Proceedings of the Third Conference on Machine Translation},
  month     = {October},
  year      = {2018},
  address   = {Belgium, Brussels},
  publisher = {Association for Computational Linguistics},
}

@InProceedings{pal-EtAl:2018:WMT,
  author    = {Pal, Santanu  and  Herbig, Nico  and  Krüger, Antonio  and  van Genabith, Josef},
  title     = {A Transformer-Based Multi-Source Automatic Post-Editing System},
  booktitle = {Proceedings of the Third Conference on Machine Translation},
  month     = {October},
  year      = {2018},
  address   = {Belgium, Brussels},
  publisher = {Association for Computational Linguistics},
}

@InProceedings{del-tttar-fishel:2018:WMT,
  author    = {Del, Maksym  and  Tättar, Andre  and  Fishel, Mark},
  title     = {Phrase-based Unsupervised Machine Translation with Compositional Phrase Embeddings},
  booktitle = {Proceedings of the Third Conference on Machine Translation},
  month     = {October},
  year      = {2018},
  address   = {Belgium, Brussels},
  publisher = {Association for Computational Linguistics},
}

@InProceedings{junczysdowmunt-grundkiewicz:2018:WMT,
  author    = {Junczys-Dowmunt, Marcin  and  Grundkiewicz, Roman},
  title     = {MS-UEdin Submission to the WMT2018 APE Shared Task: Dual-Source Transformer for Automatic Post-Editing},
  booktitle = {Proceedings of the Third Conference on Machine Translation},
  month     = {October},
  year      = {2018},
  address   = {Belgium, Brussels},
  publisher = {Association for Computational Linguistics},
}

@InProceedings{popel:2018:WMT,
  author    = {Popel, Martin},
  title     = {CUNI Transformer Neural MT System for WMT18},
  booktitle = {Proceedings of the Third Conference on Machine Translation},
  month     = {October},
  year      = {2018},
  address   = {Belgium, Brussels},
  publisher = {Association for Computational Linguistics},
}

@InProceedings{biici:2018:WMT1,
  author    = {Biçici, Ergun},
  title     = {Robust parfda Statistical Machine Translation Results},
  booktitle = {Proceedings of the Third Conference on Machine Translation},
  month     = {October},
  year      = {2018},
  address   = {Belgium, Brussels},
  publisher = {Association for Computational Linguistics},
}

@InProceedings{biici:2018:WMT2,
  author    = {Biçici, Ergun},
  title     = {RTM results for Predicting Translation Performance},
  booktitle = {Proceedings of the Third Conference on Machine Translation},
  month     = {October},
  year      = {2018},
  address   = {Belgium, Brussels},
  publisher = {Association for Computational Linguistics},
}

@InProceedings{cinkova-bojar:2018:WMT,
  author    = {Cinkova, Silvie  and  Bojar, Ondřej},
  title     = {Testsuite on Czech--English Grammatical Contrasts},
  booktitle = {Proceedings of the Third Conference on Machine Translation},
  month     = {October},
  year      = {2018},
  address   = {Belgium, Brussels},
  publisher = {Association for Computational Linguistics},
}

@InProceedings{bojar-EtAl:2018:WMT1,
  author    = {Bojar, Ondřej  and  Mírovský, Jiří  and  Rysová, Kateřina  and  Rysová, Magdaléna},
  title     = {EvalD Reference-Less Discourse Evaluation for WMT18},
  booktitle = {Proceedings of the Third Conference on Machine Translation},
  month     = {October},
  year      = {2018},
  address   = {Belgium, Brussels},
  publisher = {Association for Computational Linguistics},
}

@InProceedings{guillou-EtAl:2018:WMT,
  author    = {Guillou, Liane  and  Hardmeier, Christian  and  Lapshinova-Koltunski, Ekaterina  and  Loáiciga, Sharid},
  title     = {A Pronoun Test Suite Evaluation of the English--German MT Systems at WMT 2018},
  booktitle = {Proceedings of the Third Conference on Machine Translation},
  month     = {October},
  year      = {2018},
  address   = {Belgium, Brussels},
  publisher = {Association for Computational Linguistics},
}

@InProceedings{wang-EtAl:2018:WMT5,
  author    = {Wang, Qiang  and  Li, Bei  and  Liu, Jiqiang  and  Jiang, Bojian  and  Zhang, Zheyang  and  Li, Yinqiao  and  Lin, Ye  and  Xiao, Tong  and  Zhu, Jingbo},
  title     = {The NiuTrans Machine Translation System for WMT18},
  booktitle = {Proceedings of the Third Conference on Machine Translation},
  month     = {October},
  year      = {2018},
  address   = {Belgium, Brussels},
  publisher = {Association for Computational Linguistics},
}

@InProceedings{zhang-komachi:2018:WMT,
  author    = {Zhang, Longtu  and  Komachi, Mamoru},
  title     = {Neural Machine Translation of Logographic Language Using Sub-character Level Information},
  booktitle = {Proceedings of the Third Conference on Machine Translation},
  month     = {October},
  year      = {2018},
  address   = {Belgium, Brussels},
  publisher = {Association for Computational Linguistics},
}

@InProceedings{barrault-EtAl:2018:WMT,
  author    = {Barrault, Loïc  and  Bougares, Fethi  and  Specia, Lucia  and  Lala, Chiraag  and  Elliott, Desmond  and  Frank, Stella},
  title     = {Findings of the Third Shared Task on Multimodal Machine Translation},
  booktitle = {Proceedings of the Third Conference on Machine Translation},
  month     = {October},
  year      = {2018},
  address   = {Belgium, Brussels},
  publisher = {Association for Computational Linguistics},
}

@InProceedings{specia-EtAl:2018:WMT,
  author    = {Specia, Lucia  and  Blain, Frédéric  and  Logacheva, Varvara  and  Astudillo, Ramón  and  Martins, André F. T.},
  title     = {Findings of the WMT 2018 Shared Task on Quality Estimation},
  booktitle = {Proceedings of the Third Conference on Machine Translation},
  month     = {October},
  year      = {2018},
  address   = {Belgium, Brussels},
  publisher = {Association for Computational Linguistics},
}

@InProceedings{chatterjee-EtAl:2018:WMT,
  author    = {Chatterjee, Rajen  and  Negri, Matteo  and  Rubino, Raphael  and  Turchi, Marco},
  title     = {Findings of the WMT 2018 Shared Task on Automatic Post-Editing},
  booktitle = {Proceedings of the Third Conference on Machine Translation},
  month     = {October},
  year      = {2018},
  address   = {Belgium, Brussels},
  publisher = {Association for Computational Linguistics},
}

@InProceedings{neves-EtAl:2018:WMT,
  author    = {Neves, Mariana  and  Jimeno Yepes, Antonio  and  Névéol, Aurélie  and  Grozea, Cristian  and  Siu, Amy  and  Kittner, Madeleine  and  Verspoor, Karin},
  title     = {Findings of the WMT 2018 Biomedical Translation Shared Task: Evaluation on Medline test sets},
  booktitle = {Proceedings of the Third Conference on Machine Translation},
  month     = {October},
  year      = {2018},
  address   = {Belgium, Brussels},
  publisher = {Association for Computational Linguistics},
}

@InProceedings{koehn-EtAl:2018:WMT,
  author    = {Koehn, Philipp  and  Khayrallah, Huda  and  Heafield, Kenneth  and  Forcada, Mikel L.},
  title     = {Findings of the WMT 2018 Shared Task on Parallel Corpus Filtering},
  booktitle = {Proceedings of the Third Conference on Machine Translation},
  month     = {October},
  year      = {2018},
  address   = {Belgium, Brussels},
  publisher = {Association for Computational Linguistics},
}

@InProceedings{bojar-EtAl:2018:WMT2,
  author    = {Bojar, Ondřej  and  Federmann, Christian  and  Fishel, Mark  and  Haddow, Barry  and  Koehn, Philipp  and  Monz, Christof},
  title     = {Findings of the 2018 Conference on Machine Translation (WMT18)},
  booktitle = {Proceedings of the Third Conference on Machine Translation},
  month     = {October},
  year      = {2018},
  address   = {Belgium, Brussels},
  publisher = {Association for Computational Linguistics},
}

@InProceedings{grozea:2018:WMT,
  author    = {Grozea, Cristian},
  title     = {Ensemble of Translators with Automatic Selection of the Best Translation -- the submission of FOKUS to the WMT 18 biomedical translation task --},
  booktitle = {Proceedings of the Third Conference on Machine Translation},
  month     = {October},
  year      = {2018},
  address   = {Belgium, Brussels},
  publisher = {Association for Computational Linguistics},
}

@InProceedings{shin-lee:2018:WMT,
  author    = {Shin, Jaehun  and  Lee, Jong-Hyeok},
  title     = {Multi-encoder Transformer Network for Automatic Post-Editing},
  booktitle = {Proceedings of the Third Conference on Machine Translation},
  month     = {October},
  year      = {2018},
  address   = {Belgium, Brussels},
  publisher = {Association for Computational Linguistics},
}

@InProceedings{maruf-martins-haffari:2018:WMT,
  author    = {Maruf, Sameen  and  Martins, André F. T.  and  Haffari, Gholamreza},
  title     = {Contextual Neural Model for Translating Bilingual Multi-Speaker Conversations},
  booktitle = {Proceedings of the Third Conference on Machine Translation},
  month     = {October},
  year      = {2018},
  address   = {Belgium, Brussels},
  publisher = {Association for Computational Linguistics},
}

@InProceedings{lu-EtAl:2018:WMT1,
  author    = {Lu, Jun  and  Lv, Xiaoyu  and  Shi, Yangbin  and  Chen, Boxing},
  title     = {Alibaba Submission to the WMT18 Parallel Corpus Filtering Task},
  booktitle = {Proceedings of the Third Conference on Machine Translation},
  month     = {October},
  year      = {2018},
  address   = {Belgium, Brussels},
  publisher = {Association for Computational Linguistics},
}

@InProceedings{casas-EtAl:2018:WMT,
  author    = {casas, noe  and  Escolano, Carlos  and  Costa-jussà, Marta R.  and  Fonollosa, José A. R.},
  title     = {The TALP-UPC Machine Translation Systems for WMT18 News Shared Translation Task},
  booktitle = {Proceedings of the Third Conference on Machine Translation},
  month     = {October},
  year      = {2018},
  address   = {Belgium, Brussels},
  publisher = {Association for Computational Linguistics},
}

@InProceedings{etchegoyhen-martnezgarcia-azpeitia:2018:WMT,
  author    = {Etchegoyhen, Thierry  and  Martínez Garcia, Eva  and  Azpeitia, Andoni},
  title     = {Supervised and Unsupervised Minimalist Quality Estimators: Vicomtech's Participation in the WMT 2018 Quality Estimation Task},
  booktitle = {Proceedings of the Third Conference on Machine Translation},
  month     = {October},
  year      = {2018},
  address   = {Belgium, Brussels},
  publisher = {Association for Computational Linguistics},
}

@InProceedings{erdmann-gwinnup:2018:WMT,
  author    = {Erdmann, Grant  and  Gwinnup, Jeremy},
  title     = {Coverage and Cynicism: The AFRL Submission to the WMT 2018 Parallel Corpus Filtering Task},
  booktitle = {Proceedings of the Third Conference on Machine Translation},
  month     = {October},
  year      = {2018},
  address   = {Belgium, Brussels},
  publisher = {Association for Computational Linguistics},
}

@InProceedings{rios-mller-sennrich:2018:WMT,
  author    = {Rios, Annette  and  Müller, Mathias  and  Sennrich, Rico},
  title     = {The Word Sense Disambiguation Test Suite at WMT18},
  booktitle = {Proceedings of the Third Conference on Machine Translation},
  month     = {October},
  year      = {2018},
  address   = {Belgium, Brussels},
  publisher = {Association for Computational Linguistics},
}

@InProceedings{gwinnup-EtAl:2018:WMT1,
  author    = {Gwinnup, Jeremy  and  Sandvick, Joshua  and  Hutt, Michael  and  Erdmann, Grant  and  Duselis, John  and  Davis, James},
  title     = {The AFRL-Ohio State WMT18 Multimodal System: Combining Visual with Traditional},
  booktitle = {Proceedings of the Third Conference on Machine Translation},
  month     = {October},
  year      = {2018},
  address   = {Belgium, Brussels},
  publisher = {Association for Computational Linguistics},
}

@InProceedings{toral-EtAl:2018:WMT,
  author    = {Toral, Antonio  and  Castilho, Sheila  and  Hu, Ke  and  Way, Andy},
  title     = {Attaining the Unattainable? Reassessing Claims of Human Parity in Neural Machine Translation},
  booktitle = {Proceedings of the Third Conference on Machine Translation},
  month     = {October},
  year      = {2018},
  address   = {Belgium, Brussels},
  publisher = {Association for Computational Linguistics},
}

@InProceedings{tang-sennrich-nivre:2018:WMT,
  author    = {Tang, Gongbo  and  Sennrich, Rico  and  Nivre, Joakim},
  title     = {An Analysis of Attention Mechanisms: The Case of Word Sense Disambiguation in Neural Machine Translation},
  booktitle = {Proceedings of the Third Conference on Machine Translation},
  month     = {October},
  year      = {2018},
  address   = {Belgium, Brussels},
  publisher = {Association for Computational Linguistics},
}

@InProceedings{haddow-EtAl:2018:WMT,
  author    = {Haddow, Barry  and  Bogoychev, Nikolay  and  Emelin, Denis  and  Germann, Ulrich  and  Grundkiewicz, Roman  and  Heafield, Kenneth  and  Miceli Barone, Antonio Valerio  and  Sennrich, Rico},
  title     = {The University of Edinburgh’s Submissions to the WMT18 News Translation Task},
  booktitle = {Proceedings of the Third Conference on Machine Translation},
  month     = {October},
  year      = {2018},
  address   = {Belgium, Brussels},
  publisher = {Association for Computational Linguistics},
}

@InProceedings{raganato-EtAl:2018:WMT,
  author    = {Raganato, Alessandro  and  Scherrer, Yves  and  Nieminen, Tommi  and  Hurskainen, Arvi  and  Tiedemann, Jörg},
  title     = {The University of Helsinki submissions to the WMT18 news task},
  booktitle = {Proceedings of the Third Conference on Machine Translation},
  month     = {October},
  year      = {2018},
  address   = {Belgium, Brussels},
  publisher = {Association for Computational Linguistics},
}

@InProceedings{iranzosnchez-EtAl:2018:WMT,
  author    = {Iranzo-Sánchez, Javier  and  Baquero-Arnal, Pau  and  Garcés Díaz-Munío, Gonçal V.  and  Martínez-Villaronga, Adrià  and  Civera, Jorge  and  Juan, Alfons},
  title     = {The MLLP-UPV German-English Machine Translation System for WMT18},
  booktitle = {Proceedings of the Third Conference on Machine Translation},
  month     = {October},
  year      = {2018},
  address   = {Belgium, Brussels},
  publisher = {Association for Computational Linguistics},
}

@InProceedings{shimanaka-kajiwara-komachi:2018:WMT,
  author    = {Shimanaka, Hiroki  and  Kajiwara, Tomoyuki  and  Komachi, Mamoru},
  title     = {RUSE: Regressor Using Sentence Embeddings for Automatic Machine Translation Evaluation},
  booktitle = {Proceedings of the Third Conference on Machine Translation},
  month     = {October},
  year      = {2018},
  address   = {Belgium, Brussels},
  publisher = {Association for Computational Linguistics},
}

@InProceedings{helcl-libovick-varis:2018:WMT,
  author    = {Helcl, Jindřich  and  Libovický, Jindřich  and  Varis, Dusan},
  title     = {CUNI System for the WMT18 Multimodal Translation Task},
  booktitle = {Proceedings of the Third Conference on Machine Translation},
  month     = {October},
  year      = {2018},
  address   = {Belgium, Brussels},
  publisher = {Association for Computational Linguistics},
}

@InProceedings{marie-EtAl:2018:WMT,
  author    = {Marie, Benjamin  and  Wang, Rui  and  Fujita, Atsushi  and  Utiyama, Masao  and  Sumita, Eiichiro},
  title     = {NICT's Neural and Statistical Machine Translation Systems for the WMT18 News Translation Task},
  booktitle = {Proceedings of the Third Conference on Machine Translation},
  month     = {October},
  year      = {2018},
  address   = {Belgium, Brussels},
  publisher = {Association for Computational Linguistics},
}

@InProceedings{mahata-das-bandyopadhyay:2018:WMT,
  author    = {Mahata, Sainik Kumar  and  Das, Dipankar  and  Bandyopadhyay, Sivaji},
  title     = {JUCBNMT at WMT2018 News Translation Task: Character Based Neural Machine Translation of Finnish to English},
  booktitle = {Proceedings of the Third Conference on Machine Translation},
  month     = {October},
  year      = {2018},
  address   = {Belgium, Brussels},
  publisher = {Association for Computational Linguistics},
}

@InProceedings{caglayan-EtAl:2018:WMT,
  author    = {Caglayan, Ozan  and  Bardet, Adrien  and  Bougares, Fethi  and  Barrault, Loïc  and  Wang, Kai  and  Masana, Marc  and  Herranz, Luis  and  van de Weijer, Joost},
  title     = {LIUM-CVC Submissions for WMT18 Multimodal Translation Task},
  booktitle = {Proceedings of the Third Conference on Machine Translation},
  month     = {October},
  year      = {2018},
  address   = {Belgium, Brussels},
  publisher = {Association for Computational Linguistics},
}

@InProceedings{zheng-EtAl:2018:WMT,
  author    = {Zheng, Renjie  and  Yang, Yilin  and  Ma, Mingbo  and  Huang, Liang},
  title     = {Ensemble Sequence Level Training for Multimodal MT: OSU-Baidu WMT18 Multimodal Machine Translation System Report},
  booktitle = {Proceedings of the Third Conference on Machine Translation},
  month     = {October},
  year      = {2018},
  address   = {Belgium, Brussels},
  publisher = {Association for Computational Linguistics},
}

@InProceedings{wang-EtAl:2018:WMT1,
  author    = {Wang, Rui  and  Marie, Benjamin  and  Utiyama, Masao  and  Sumita, Eiichiro},
  title     = {NICT's Corpus Filtering Systems for the WMT18 Parallel Corpus Filtering Task},
  booktitle = {Proceedings of the Third Conference on Machine Translation},
  month     = {October},
  year      = {2018},
  address   = {Belgium, Brussels},
  publisher = {Association for Computational Linguistics},
}

@InProceedings{pham-niehues-waibel:2018:WMT,
  author    = {Pham, Ngoc-Quan  and  Niehues, Jan  and  Waibel, Alexander},
  title     = {The Karlsruhe Institute of Technology Systems for the News Translation Task in WMT 2018},
  booktitle = {Proceedings of the Third Conference on Machine Translation},
  month     = {October},
  year      = {2018},
  address   = {Belgium, Brussels},
  publisher = {Association for Computational Linguistics},
}

@InProceedings{yankovskaya-tttar-fishel:2018:WMT,
  author    = {Yankovskaya, Elizaveta  and  Tättar, Andre  and  Fishel, Mark},
  title     = {Quality Estimation with Force-Decoded Attention and Cross-lingual Embeddings},
  booktitle = {Proceedings of the Third Conference on Machine Translation},
  month     = {October},
  year      = {2018},
  address   = {Belgium, Brussels},
  publisher = {Association for Computational Linguistics},
}

@InProceedings{pinnis:2018:WMT,
  author    = {Pinnis, Mārcis},
  title     = {Tilde's Parallel Corpus Filtering Methods for WMT 2018},
  booktitle = {Proceedings of the Third Conference on Machine Translation},
  month     = {October},
  year      = {2018},
  address   = {Belgium, Brussels},
  publisher = {Association for Computational Linguistics},
}

@InProceedings{bei-EtAl:2018:WMT,
  author    = {Bei, Chao  and  Zong, Hao  and  Wang, Yiming  and  Fan, Baoyong  and  Li, Shiqi  and  Yuan, Conghu},
  title     = {An Empirical Study of Machine Translation for the Shared Task of WMT18},
  booktitle = {Proceedings of the Third Conference on Machine Translation},
  month     = {October},
  year      = {2018},
  address   = {Belgium, Brussels},
  publisher = {Association for Computational Linguistics},
}

@InProceedings{morishita-suzuki-nagata:2018:WMT,
  author    = {Morishita, Makoto  and  Suzuki, Jun  and  Nagata, Masaaki},
  title     = {NTT's Neural Machine Translation Systems for WMT 2018},
  booktitle = {Proceedings of the Third Conference on Machine Translation},
  month     = {October},
  year      = {2018},
  address   = {Belgium, Brussels},
  publisher = {Association for Computational Linguistics},
}

@InProceedings{post:2018:WMT,
  author    = {Post, Matt},
  title     = {A Call for Clarity in Reporting BLEU Scores},
  booktitle = {Proceedings of the Third Conference on Machine Translation},
  month     = {October},
  year      = {2018},
  address   = {Belgium, Brussels},
  publisher = {Association for Computational Linguistics},
}

@InProceedings{guo-ruan-hu:2018:WMT,
  author    = {Guo, Yinuo  and  Ruan, Chong  and  Hu, Junfeng},
  title     = {Meteor++: Incorporating Copy Knowledge into Machine Translation Evaluation},
  booktitle = {Proceedings of the Third Conference on Machine Translation},
  month     = {October},
  year      = {2018},
  address   = {Belgium, Brussels},
  publisher = {Association for Computational Linguistics},
}

@InProceedings{lu-EtAl:2018:WMT2,
  author    = {lu, yichao  and  Keung, Phillip  and  Ladhak, Faisal  and  Bhardwaj, Vikas  and  Zhang, Shaonan  and  Sun, Jason},
  title     = {A neural interlingua for multilingual machine translation},
  booktitle = {Proceedings of the Third Conference on Machine Translation},
  month     = {October},
  year      = {2018},
  address   = {Belgium, Brussels},
  publisher = {Association for Computational Linguistics},
}

@InProceedings{forcada-EtAl:2018:WMT,
  author    = {Forcada, Mikel L.  and  Scarton, Carolina  and  Specia, Lucia  and  Haddow, Barry  and  Birch, Alexandra},
  title     = {Exploring gap filling as a cheaper alternative to reading comprehension questionnaires when evaluating machine translation for gisting},
  booktitle = {Proceedings of the Third Conference on Machine Translation},
  month     = {October},
  year      = {2018},
  address   = {Belgium, Brussels},
  publisher = {Association for Computational Linguistics},
}

@InProceedings{snchezcartagena-EtAl:2018:WMT,
  author    = {Sánchez-Cartagena, Víctor M.  and  Bañón, Marta  and  Ortiz Rojas, Sergio  and  Ramírez, Gema},
  title     = {Prompsit's submission to WMT 2018 Parallel Corpus Filtering shared task},
  booktitle = {Proceedings of the Third Conference on Machine Translation},
  month     = {October},
  year      = {2018},
  address   = {Belgium, Brussels},
  publisher = {Association for Computational Linguistics},
}

@InProceedings{ive-EtAl:2018:WMT,
  author    = {Ive, Julia  and  Scarton, Carolina  and  Blain, Frédéric  and  Specia, Lucia},
  title     = {Sheffield Submissions for the WMT18 Quality Estimation Shared Task},
  booktitle = {Proceedings of the Third Conference on Machine Translation},
  month     = {October},
  year      = {2018},
  address   = {Belgium, Brussels},
  publisher = {Association for Computational Linguistics},
}

@InProceedings{otari-hardmeier-stymne:2018:WMT,
  author    = {Šoštarić, Margita  and  Hardmeier, Christian  and  Stymne, Sara},
  title     = {Discourse-Related Language Contrasts in English-Croatian Human and Machine Translation},
  booktitle = {Proceedings of the Third Conference on Machine Translation},
  month     = {October},
  year      = {2018},
  address   = {Belgium, Brussels},
  publisher = {Association for Computational Linguistics},
}

@InProceedings{snchezmartnez-esplgomis-forcada:2018:WMT,
  author    = {Sánchez-Martínez, Felipe  and  Esplà-Gomis, Miquel  and  Forcada, Mikel L.},
  title     = {UAlacant machine translation quality estimation at WMT 2018: a simple approach using phrase tables and feed-forward neural networks},
  booktitle = {Proceedings of the Third Conference on Machine Translation},
  month     = {October},
  year      = {2018},
  address   = {Belgium, Brussels},
  publisher = {Association for Computational Linguistics},
}

@InProceedings{kocmi-bojar:2018:WMT,
  author    = {Kocmi, Tom  and  Bojar, Ondřej},
  title     = {Trivial Transfer Learning for Low-Resource Neural Machine Translation},
  booktitle = {Proceedings of the Third Conference on Machine Translation},
  month     = {October},
  year      = {2018},
  address   = {Belgium, Brussels},
  publisher = {Association for Computational Linguistics},
}

@InProceedings{kocmi-sudarikov-bojar:2018:WMT,
  author    = {Kocmi, Tom  and  Sudarikov, Roman  and  Bojar, Ondřej},
  title     = {CUNI Submissions in WMT18},
  booktitle = {Proceedings of the Third Conference on Machine Translation},
  month     = {October},
  year      = {2018},
  address   = {Belgium, Brussels},
  publisher = {Association for Computational Linguistics},
}

@InProceedings{wang-EtAl:2018:WMT2,
  author    = {Wang, Wei  and  Watanabe, Taro  and  Hughes, Macduff  and  Nakagawa, Tetsuji  and  Chelba, Ciprian},
  title     = {Denoising Neural Machine Translation Training with Trusted Data and Online Data Selection},
  booktitle = {Proceedings of the Third Conference on Machine Translation},
  month     = {October},
  year      = {2018},
  address   = {Belgium, Brussels},
  publisher = {Association for Computational Linguistics},
}

@InProceedings{burlot-yvon:2018:WMT,
  author    = {Burlot, Franck  and  Yvon, François},
  title     = {Using Monolingual Data in Neural Machine Translation: a Systematic Study},
  booktitle = {Proceedings of the Third Conference on Machine Translation},
  month     = {October},
  year      = {2018},
  address   = {Belgium, Brussels},
  publisher = {Association for Computational Linguistics},
}

@InProceedings{hangya-fraser:2018:WMT,
  author    = {Hangya, Viktor  and  Fraser, Alexander},
  title     = {An Unsupervised System for Parallel Corpus Filtering},
  booktitle = {Proceedings of the Third Conference on Machine Translation},
  month     = {October},
  year      = {2018},
  address   = {Belgium, Brussels},
  publisher = {Association for Computational Linguistics},
}

@InProceedings{stojanovski-fraser:2018:WMT,
  author    = {Stojanovski, Dario  and  Fraser, Alexander},
  title     = {Coreference and Coherence in Neural Machine Translation: A Study Using Oracle Experiments},
  booktitle = {Proceedings of the Third Conference on Machine Translation},
  month     = {October},
  year      = {2018},
  address   = {Belgium, Brussels},
  publisher = {Association for Computational Linguistics},
}

@InProceedings{grnroos-virpioja-kurimo:2018:WMT,
  author    = {Grönroos, Stig-Arne  and  Virpioja, Sami  and  Kurimo, Mikko},
  title     = {Cognate-aware morphological segmentation for multilingual neural translation},
  booktitle = {Proceedings of the Third Conference on Machine Translation},
  month     = {October},
  year      = {2018},
  address   = {Belgium, Brussels},
  publisher = {Association for Computational Linguistics},
}

@InProceedings{schamper-EtAl:2018:WMT,
  author    = {Schamper, Julian  and  Rosendahl, Jan  and  Bahar, Parnia  and  Kim, Yunsu  and  Nix, Arne  and  Ney, Hermann},
  title     = {The RWTH Aachen University Supervised Machine Translation Systems for WMT 2018},
  booktitle = {Proceedings of the Third Conference on Machine Translation},
  month     = {October},
  year      = {2018},
  address   = {Belgium, Brussels},
  publisher = {Association for Computational Linguistics},
}

@InProceedings{pappas-miculicich-henderson:2018:WMT,
  author    = {Pappas, Nikolaos  and  Miculicich, Lesly  and  Henderson, James},
  title     = {Beyond Weight Tying: Learning Joint Input-Output Embeddings for Neural Machine Translation},
  booktitle = {Proceedings of the Third Conference on Machine Translation},
  month     = {October},
  year      = {2018},
  address   = {Belgium, Brussels},
  publisher = {Association for Computational Linguistics},
}

@InProceedings{duma-menzel:2018:WMT1,
  author    = {Duma, Mirela-Stefania  and  Menzel, Wolfgang},
  title     = {Translation of Biomedical Documents with Focus on Spanish-English},
  booktitle = {Proceedings of the Third Conference on Machine Translation},
  month     = {October},
  year      = {2018},
  address   = {Belgium, Brussels},
  publisher = {Association for Computational Linguistics},
}

@InProceedings{molchanov:2018:WMT,
  author    = {Molchanov, Alexander},
  title     = {PROMT Systems for WMT 2018 Shared Translation Task},
  booktitle = {Proceedings of the Third Conference on Machine Translation},
  month     = {October},
  year      = {2018},
  address   = {Belgium, Brussels},
  publisher = {Association for Computational Linguistics},
}

@InProceedings{graa-EtAl:2018:WMT,
  author    = {Graça, Miguel  and  Kim, Yunsu  and  Schamper, Julian  and  Geng, Jiahui  and  Ney, Hermann},
  title     = {The RWTH Aachen University English-German and German-English Unsupervised Neural Machine Translation Systems for WMT 2018},
  booktitle = {Proceedings of the Third Conference on Machine Translation},
  month     = {October},
  year      = {2018},
  address   = {Belgium, Brussels},
  publisher = {Association for Computational Linguistics},
}

@InProceedings{macketanz-EtAl:2018:WMT,
  author    = {Macketanz, Vivien  and  Avramidis, Eleftherios  and  Burchardt, Aljoscha  and  Uszkoreit, Hans},
  title     = {Fine-grained evaluation of German-English Machine Translation based on a Test Suite},
  booktitle = {Proceedings of the Third Conference on Machine Translation},
  month     = {October},
  year      = {2018},
  address   = {Belgium, Brussels},
  publisher = {Association for Computational Linguistics},
}

@InProceedings{rossenbach-EtAl:2018:WMT,
  author    = {Rossenbach, Nick  and  Rosendahl, Jan  and  Kim, Yunsu  and  Graça, Miguel  and  Gokrani, Aman  and  Ney, Hermann},
  title     = {The RWTH Aachen University Filtering System for the WMT 2018 Parallel Corpus Filtering Task},
  booktitle = {Proceedings of the Third Conference on Machine Translation},
  month     = {October},
  year      = {2018},
  address   = {Belgium, Brussels},
  publisher = {Association for Computational Linguistics},
}

@InProceedings{grnroos-EtAl:2018:WMT,
  author    = {Grönroos, Stig-Arne  and  Huet, Benoit  and  Kurimo, Mikko  and  Laaksonen, Jorma  and  Merialdo, Bernard  and  Pham, Phu  and  Sjöberg, Mats  and  Sulubacak, Umut  and  Tiedemann, Jörg  and  Troncy, Raphael  and  Vázquez, Raúl},
  title     = {The MeMAD Submission to the WMT18 Multimodal Translation Task},
  booktitle = {Proceedings of the Third Conference on Machine Translation},
  month     = {October},
  year      = {2018},
  address   = {Belgium, Brussels},
  publisher = {Association for Computational Linguistics},
}

@InProceedings{papavassiliou-EtAl:2018:WMT,
  author    = {Papavassiliou, Vassilis  and  Sofianopoulos, Sokratis  and  Prokopidis, Prokopis  and  Piperidis, Stelios},
  title     = {The ILSP/ARC submission to the WMT 2018 Parallel Corpus Filtering Shared Task},
  booktitle = {Proceedings of the Third Conference on Machine Translation},
  month     = {October},
  year      = {2018},
  address   = {Belgium, Brussels},
  publisher = {Association for Computational Linguistics},
}

@InProceedings{soares-becker:2018:WMT,
  author    = {Soares, Felipe  and  Becker, Karin},
  title     = {UFRGS Participation on the WMT Biomedical Translation Shared Task},
  booktitle = {Proceedings of the Third Conference on Machine Translation},
  month     = {October},
  year      = {2018},
  address   = {Belgium, Brussels},
  publisher = {Association for Computational Linguistics},
}

@InProceedings{herold-gao-ney:2018:WMT,
  author    = {Herold, Christian  and  Gao, Yingbo  and  Ney, Hermann},
  title     = {Improving Neural Language Models with Weight Norm Initialization and Regularization},
  booktitle = {Proceedings of the Third Conference on Machine Translation},
  month     = {October},
  year      = {2018},
  address   = {Belgium, Brussels},
  publisher = {Association for Computational Linguistics},
}

@InProceedings{libovick-helcl-mareek:2018:WMT,
  author    = {Libovický, Jindřich  and  Helcl, Jindřich  and  Mareček, David},
  title     = {Input Combination Strategies for Multi-Source Transformer Decoder},
  booktitle = {Proceedings of the Third Conference on Machine Translation},
  month     = {October},
  year      = {2018},
  address   = {Belgium, Brussels},
  publisher = {Association for Computational Linguistics},
}

@InProceedings{wang-EtAl:2018:WMT3,
  author    = {Wang, Jiayi  and  Fan, Kai  and  Li, Bo  and  Zhou, Fengming  and  Chen, Boxing  and  Shi, Yangbin  and  Si, Luo},
  title     = {Alibaba Submission for WMT18 Quality Estimation Task},
  booktitle = {Proceedings of the Third Conference on Machine Translation},
  month     = {October},
  year      = {2018},
  address   = {Belgium, Brussels},
  publisher = {Association for Computational Linguistics},
}

@InProceedings{choudhary-EtAl:2018:WMT,
  author    = {Choudhary, Himanshu  and  Pathak, Aditya Kumar  and  Saha, Rajiv Ratan  and  Kumaraguru, Ponnurangam},
  title     = {Neural Machine Translation for English-Tamil},
  booktitle = {Proceedings of the Third Conference on Machine Translation},
  month     = {October},
  year      = {2018},
  address   = {Belgium, Brussels},
  publisher = {Association for Computational Linguistics},
}

@InProceedings{panja-naskar:2018:WMT,
  author    = {Panja, Joybrata  and  Naskar, Sudip Kumar},
  title     = {ITER: Improving Translation Edit Rate through Optimizable Edit Costs},
  booktitle = {Proceedings of the Third Conference on Machine Translation},
  month     = {October},
  year      = {2018},
  address   = {Belgium, Brussels},
  publisher = {Association for Computational Linguistics},
}

@InProceedings{mller-EtAl:2018:WMT,
  author    = {Müller, Mathias  and  Rios, Annette  and  Voita, Elena  and  Sennrich, Rico},
  title     = {A Large-Scale Test Set for the Evaluation of Context-Aware Pronoun Translation in Neural Machine Translation},
  booktitle = {Proceedings of the Third Conference on Machine Translation},
  month     = {October},
  year      = {2018},
  address   = {Belgium, Brussels},
  publisher = {Association for Computational Linguistics},
}

@InProceedings{pham-crego-senellart:2018:WMT,
  author    = {Pham, Minh Quang  and  Crego, Josep  and  Senellart, Jean},
  title     = {SYSTRAN Participation to the WMT2018 Shared Task on Parallel Corpus Filtering},
  booktitle = {Proceedings of the Third Conference on Machine Translation},
  month     = {October},
  year      = {2018},
  address   = {Belgium, Brussels},
  publisher = {Association for Computational Linguistics},
}

@InProceedings{azpeitia-etchegoyhen-martnezgarcia:2018:WMT,
  author    = {Azpeitia, Andoni  and  Etchegoyhen, Thierry  and  Martínez garcia, Eva},
  title     = {STACC, OOV Density and N-gram Saturation: Vicomtech's Participation in the WMT 2018 Shared Task on Parallel Corpus Filtering},
  booktitle = {Proceedings of the Third Conference on Machine Translation},
  month     = {October},
  year      = {2018},
  address   = {Belgium, Brussels},
  publisher = {Association for Computational Linguistics},
}

@InProceedings{littell-EtAl:2018:WMT,
  author    = {Littell, Patrick  and  Larkin, Samuel  and  Stewart, Darlene  and  Simard, Michel  and  Goutte, Cyril  and  Lo, Chi-kiu},
  title     = {Measuring sentence parallelism using Mahalanobis distances: The NRC unsupervised submissions to the WMT18 Parallel Corpus Filtering shared task},
  booktitle = {Proceedings of the Third Conference on Machine Translation},
  month     = {October},
  year      = {2018},
  address   = {Belgium, Brussels},
  publisher = {Association for Computational Linguistics},
}

@InProceedings{wang-EtAl:2018:WMT4,
  author    = {Wang, Mingxuan  and  Gong, Li  and  Zhu, Wenhuan  and  Xie, Jun  and  Bian, Chao},
  title     = {Tencent Neural Machine Translation Systems for WMT18},
  booktitle = {Proceedings of the Third Conference on Machine Translation},
  month     = {October},
  year      = {2018},
  address   = {Belgium, Brussels},
  publisher = {Association for Computational Linguistics},
}

@InProceedings{duma-menzel:2018:WMT2,
  author    = {Duma, Melania  and  Menzel, Wolfgang},
  title     = {The Benefit of Pseudo-Reference Translations in Quality Estimation of MT Output},
  booktitle = {Proceedings of the Third Conference on Machine Translation},
  month     = {October},
  year      = {2018},
  address   = {Belgium, Brussels},
  publisher = {Association for Computational Linguistics},
}

@InProceedings{burlot-EtAl:2018:WMT,
  author    = {Burlot, Franck  and  Scherrer, Yves  and  Ravishankar, Vinit  and  Bojar, Ondřej  and  Grönroos, Stig-Arne  and  Koponen, Maarit  and  Nieminen, Tommi  and  Yvon, François},
  title     = {The WMT'18 Morpheval test suites for English-Czech, English-German, English-Finnish and Turkish-English},
  booktitle = {Proceedings of the Third Conference on Machine Translation},
  month     = {October},
  year      = {2018},
  address   = {Belgium, Brussels},
  publisher = {Association for Computational Linguistics},
}

@InProceedings{xu-carpuat:2018:WMT,
  author    = {Xu, Weijia  and  Carpuat, Marine},
  title     = {The University of Maryland's Chinese-English Neural Machine Translation Systems at WMT18},
  booktitle = {Proceedings of the Third Conference on Machine Translation},
  month     = {October},
  year      = {2018},
  address   = {Belgium, Brussels},
  publisher = {Association for Computational Linguistics},
}

@InProceedings{tebbifakhr-EtAl:2018:WMT,
  author    = {tebbifakhr, amirhossein  and  Agrawal, Ruchit  and  Negri, Matteo  and  Turchi, Marco},
  title     = {Multi-source transformer with combined losses for automatic post editing},
  booktitle = {Proceedings of the Third Conference on Machine Translation},
  month     = {October},
  year      = {2018},
  address   = {Belgium, Brussels},
  publisher = {Association for Computational Linguistics},
}

@InProceedings{lakew-erofeeva-federico:2018:WMT,
  author    = {Lakew, Surafel Melaku  and  Erofeeva, Aliia  and  Federico, Marcello},
  title     = {Neural Machine Translation into Language Varieties},
  booktitle = {Proceedings of the Third Conference on Machine Translation},
  month     = {October},
  year      = {2018},
  address   = {Belgium, Brussels},
  publisher = {Association for Computational Linguistics},
}

@InProceedings{guo-EtAl:2018:WMT,
  author    = {Guo, Mandy  and  Shen, Qinlan  and  Yang, Yinfei  and  Ge, Heming  and  Cer, Daniel  and  Hernandez Abrego, Gustavo  and  Stevens, Keith  and  Constant, Noah  and  Sung, Yun-hsuan  and  Strope, Brian  and  Kurzweil, Ray},
  title     = {Effective Parallel Corpus Mining using Bilingual Sentence Embeddings},
  booktitle = {Proceedings of the Third Conference on Machine Translation},
  month     = {October},
  year      = {2018},
  address   = {Belgium, Brussels},
  publisher = {Association for Computational Linguistics},
}

@InProceedings{stojanovski-EtAl:2018:WMT,
  author    = {Stojanovski, Dario  and  Hangya, Viktor  and  Huck, Matthias  and  Fraser, Alexander},
  title     = {The LMU Munich Unsupervised Machine Translation Systems},
  booktitle = {Proceedings of the Third Conference on Machine Translation},
  month     = {October},
  year      = {2018},
  address   = {Belgium, Brussels},
  publisher = {Association for Computational Linguistics},
}

@InProceedings{alkhouli-bretschner-ney:2018:WMT,
  author    = {Alkhouli, Tamer  and  Bretschner, Gabriel  and  Ney, Hermann},
  title     = {On The Alignment Problem In Multi-Head Attention-Based Neural Machine Translation},
  booktitle = {Proceedings of the Third Conference on Machine Translation},
  month     = {October},
  year      = {2018},
  address   = {Belgium, Brussels},
  publisher = {Association for Computational Linguistics},
}

@InProceedings{stahlberg-degispert-byrne:2018:WMT,
  author    = {Stahlberg, Felix  and  de Gispert, Adrià  and  Byrne, Bill},
  title     = {The University of Cambridge’s Machine Translation Systems for WMT18},
  booktitle = {Proceedings of the Third Conference on Machine Translation},
  month     = {October},
  year      = {2018},
  address   = {Belgium, Brussels},
  publisher = {Association for Computational Linguistics},
}

@InProceedings{sachan-neubig:2018:WMT,
  author    = {Sachan, Devendra  and  Neubig, Graham},
  title     = {Parameter Sharing Methods for Multilingual Self-Attentional Translation Models},
  booktitle = {Proceedings of the Third Conference on Machine Translation},
  month     = {October},
  year      = {2018},
  address   = {Belgium, Brussels},
  publisher = {Association for Computational Linguistics},
}

@InProceedings{ott-EtAl:2018:WMT,
  author    = {Ott, Myle  and  Edunov, Sergey  and  Grangier, David  and  Auli, Michael},
  title     = {Scaling Neural Machine Translation},
  booktitle = {Proceedings of the Third Conference on Machine Translation},
  month     = {October},
  year      = {2018},
  address   = {Belgium, Brussels},
  publisher = {Association for Computational Linguistics},
}

@InProceedings{lo-EtAl:2018:WMT,
  author    = {Lo, Chi-kiu  and  Simard, Michel  and  Stewart, Darlene  and  Larkin, Samuel  and  Goutte, Cyril  and  Littell, Patrick},
  title     = {Accurate semantic textual similarity for cleaning noisy parallel corpora using semantic machine translation evaluation metric: The NRC supervised submissions to the Parallel Corpus Filtering task},
  booktitle = {Proceedings of the Third Conference on Machine Translation},
  month     = {October},
  year      = {2018},
  address   = {Belgium, Brussels},
  publisher = {Association for Computational Linguistics},
}

@InProceedings{koehn-duh-thompson:2018:WMT,
  author    = {Koehn, Philipp  and  Duh, Kevin  and  Thompson, Brian},
  title     = {The JHU Machine Translation Systems for WMT 2018},
  booktitle = {Proceedings of the Third Conference on Machine Translation},
  month     = {October},
  year      = {2018},
  address   = {Belgium, Brussels},
  publisher = {Association for Computational Linguistics},
}

@InProceedings{gwinnup-EtAl:2018:WMT2,
  author    = {Gwinnup, Jeremy  and  Anderson, Tim  and  Erdmann, Grant  and  Young, Katherine},
  title     = {The AFRL WMT18 Systems: Ensembling, Continuation and Combination},
  booktitle = {Proceedings of the Third Conference on Machine Translation},
  month     = {October},
  year      = {2018},
  address   = {Belgium, Brussels},
  publisher = {Association for Computational Linguistics},
}

@InProceedings{stahlberg-cross-stoyanov:2018:WMT,
  author    = {Stahlberg, Felix  and  Cross, James  and  Stoyanov, Veselin},
  title     = {Simple Fusion: Return of the Language Model},
  booktitle = {Proceedings of the Third Conference on Machine Translation},
  month     = {October},
  year      = {2018},
  address   = {Belgium, Brussels},
  publisher = {Association for Computational Linguistics},
}

@InProceedings{lala-EtAl:2018:WMT,
  author    = {Lala, Chiraag  and  Madhyastha, Pranava Swaroop  and  Scarton, Carolina  and  Specia, Lucia},
  title     = {Sheffield Submissions for WMT18 Multimodal Translation Shared Task},
  booktitle = {Proceedings of the Third Conference on Machine Translation},
  month     = {October},
  year      = {2018},
  address   = {Belgium, Brussels},
  publisher = {Association for Computational Linguistics},
}

@InProceedings{murray-chiang:2018:WMT,
  author    = {Murray, Kenton  and  Chiang, David},
  title     = {Correcting Length Bias in Neural Machine Translation},
  booktitle = {Proceedings of the Third Conference on Machine Translation},
  month     = {October},
  year      = {2018},
  address   = {Belgium, Brussels},
  publisher = {Association for Computational Linguistics},
}

@InProceedings{basu-pal-naskar:2018:WMT,
  author    = {Basu, Prasenjit  and  Pal, Santanu  and  Naskar, Sudip Kumar},
  title     = {Keep It or Not: Word Level Quality Estimation for Post-Editing},
  booktitle = {Proceedings of the Third Conference on Machine Translation},
  month     = {October},
  year      = {2018},
  address   = {Belgium, Brussels},
  publisher = {Association for Computational Linguistics},
}

@InProceedings{silva-EtAl:2018:WMT,
  author    = {Silva, Catarina Cruz  and  Liu, Chao-Hong  and  Poncelas, Alberto  and  Way, Andy},
  title     = {Extracting In-domain Training Corpora for Neural Machine Translation Using Data Selection Methods},
  booktitle = {Proceedings of the Third Conference on Machine Translation},
  month     = {October},
  year      = {2018},
  address   = {Belgium, Brussels},
  publisher = {Association for Computational Linguistics},
}

@InProceedings{huck-EtAl:2018:WMT,
  author    = {Huck, Matthias  and  Stojanovski, Dario  and  Hangya, Viktor  and  Fraser, Alexander},
  title     = {LMU Munich’s Neural Machine Translation Systems at WMT 2018},
  booktitle = {Proceedings of the Third Conference on Machine Translation},
  month     = {October},
  year      = {2018},
  address   = {Belgium, Brussels},
  publisher = {Association for Computational Linguistics},
}

@InProceedings{khan-EtAl:2018:WMT,
  author    = {Khan, Abdul  and  Panda, Subhadarshi  and  Xu, Jia  and  Flokas, Lampros},
  title     = {Hunter NMT System for WMT18 Biomedical Translation Task: Transfer Learning in Neural Machine Translation},
  booktitle = {Proceedings of the Third Conference on Machine Translation},
  month     = {October},
  year      = {2018},
  address   = {Belgium, Brussels},
  publisher = {Association for Computational Linguistics},
}

@InProceedings{hu-EtAl:2018:WMT,
  author    = {Hu, Junjie  and  Chang, Wei-Cheng  and  Wu, Yuexin  and  Neubig, Graham},
  title     = {Contextual Encoding for Translation Quality Estimation},
  booktitle = {Proceedings of the Third Conference on Machine Translation},
  month     = {October},
  year      = {2018},
  address   = {Belgium, Brussels},
  publisher = {Association for Computational Linguistics},
}

@InProceedings{khayrallah-xu-koehn:2018:WMT,
  author    = {Khayrallah, Huda  and  Xu, Hainan  and  Koehn, Philipp},
  title     = {The JHU Parallel Corpus Filtering Systems for WMT 2018},
  booktitle = {Proceedings of the Third Conference on Machine Translation},
  month     = {October},
  year      = {2018},
  address   = {Belgium, Brussels},
  publisher = {Association for Computational Linguistics},
}

@InProceedings{deng-EtAl:2018:WMT,
  author    = {DENG, Yongchao  and  Cheng, Shanbo  and  Lu, Jun  and  Song, Kai  and  Wang, Jingang  and  Wu, Shenglan  and  Yao, Liang  and  Zhang, Guchun  and  Zhang, Haibo  and  Zhang, Pei  and  Zhu, Changfeng  and  Chen, Boxing},
  title     = {Alibaba's Neural Machine Translation Systems for WMT18},
  booktitle = {Proceedings of the Third Conference on Machine Translation},
  month     = {October},
  year      = {2018},
  address   = {Belgium, Brussels},
  publisher = {Association for Computational Linguistics},
}

@InProceedings{pylypenko-rubino:2018:WMT,
  author    = {Pylypenko, Daria  and  Rubino, Raphael},
  title     = {DFKI-MLT System Description for the WMT18 Automatic Post-editing Task},
  booktitle = {Proceedings of the Third Conference on Machine Translation},
  month     = {October},
  year      = {2018},
  address   = {Belgium, Brussels},
  publisher = {Association for Computational Linguistics},
}

@InProceedings{junczysdowmunt:2018:WMT1,
  author    = {Junczys-Dowmunt, Marcin},
  title     = {Dual Conditional Cross-Entropy Filtering of Noisy Parallel Corpora},
  booktitle = {Proceedings of the Third Conference on Machine Translation},
  month     = {October},
  year      = {2018},
  address   = {Belgium, Brussels},
  publisher = {Association for Computational Linguistics},
}

@InProceedings{junczysdowmunt:2018:WMT2,
  author    = {Junczys-Dowmunt, Marcin},
  title     = {Microsoft's Submission to the WMT2018 News Translation Task: How I Learned to Stop Worrying and Love the Data},
  booktitle = {Proceedings of the Third Conference on Machine Translation},
  month     = {October},
  year      = {2018},
  address   = {Belgium, Brussels},
  publisher = {Association for Computational Linguistics},
}

